@article{scikit-learn,
 title={Scikit-learn: Machine Learning in {P}ython},
 author={Pedregosa, F. and Varoquaux, G. and Gramfort, A. and Michel, V.
         and Thirion, B. and Grisel, O. and Blondel, M. and Prettenhofer, P.
         and Weiss, R. and Dubourg, V. and Vanderplas, J. and Passos, A. and
         Cournapeau, D. and Brucher, M. and Perrot, M. and Duchesnay, E.},
 journal={Journal of Machine Learning Research},
 volume={12},
 pages={2825--2830},
 year={2011}
}
@inproceedings{zhu2009,
  title={MedLDA: maximum margin supervised topic models for regression and classification},
  author={Zhu, Jun and Ahmed, Amr and Xing, Eric P},
  booktitle={Proceedings of the 26th Annual International Conference on Machine Learning},
  pages={1257--1264},
  year={2009},
  organization={ACM}
}

@inproceedings{lacoste2009,
  title={DiscLDA: Discriminative learning for dimensionality reduction and classification},
  author={Lacoste-Julien, Simon and Sha, Fei and Jordan, Michael I},
  booktitle={Advances in neural information processing systems},
  pages={897--904},
  year={2009}
}
@book{bird2009,
  title={Natural language processing with Python},
  author={Bird, Steven and Klein, Ewan and Loper, Edward},
  year={2009},
  publisher={" O'Reilly Media, Inc."}
}